@article{revell2010phylogenetic,
  title={Phylogenetic signal and linear regression on species data},
  author={Revell, Liam J},
  journal={Methods in Ecology and Evolution},
  volume={1},
  number={4},
  pages={319--329},
  year={2010},
  publisher={Wiley Online Library}
}

@article{felsenstein1985phylogenies,
  title={Phylogenies and the comparative method},
  author={Felsenstein, Joseph},
  journal={The American Naturalist},
  volume={125},
  number={1},
  pages={1--15},
  year={1985},
  publisher={University of Chicago Press}
}

@article{maddison2015unsolved,
  title={The unsolved challenge to phylogenetic correlation tests for categorical characters},
  author={Maddison, Wayne P and FitzJohn, Richard G},
  journal={Systematic biology},
  volume={64},
  number={1},
  pages={127--136},
  year={2015},
  publisher={Oxford University Press}
}

